@article{bharati2020deep,
  title={Deep learning techniquesâ€”R-CNN to mask R-CNN: a survey},
  author={Bharati, Puja and Pramanik, Ankita},
  journal={Computational Intelligence in Pattern Recognition: Proceedings of CIPR 2019},
  pages={657--668},
  year={2020},
  publisher={Springer}
}


@inproceedings{jogin2018feature,
  title={Feature extraction using convolution neural networks (CNN) and deep learning},
  author={Jogin, Manjunath and Madhulika, MS and Divya, GD and Meghana, RK and Apoorva, S and others},
  booktitle={2018 3rd IEEE international conference on recent trends in electronics, information \& communication technology (RTEICT)},
  pages={2319--2323},
  year={2018},
  organization={IEEE}
}

@article{nasteski2017overview,
  title={An overview of the supervised machine learning methods},
  author={Nasteski, Vladimir},
  journal={Horizons. b},
  volume={4},
  number={51-62},
  pages={56},
  year={2017}
}

@incollection{reich2009rich,
  title={Why the rich are getting richer and the poor, poorer},
  author={REICH, ROBE RT B},
  booktitle={The way class works},
  pages={31--42},
  year={2009},
  publisher={Routledge}
}
